
@booklet{1,
author = {Michael Goldweber and Renzo Davoli},
title = {Student Guide to the PANDOS Project},
year = {},
pages = {7-16},
url = {https://www.cs.unibo.it/~renzo/so/so2021/pandos/docs/pandos.pdf}
}

