@booklet{1,
    author = {Michael Goldweber and Renzo Davoli},
    title = {ÂµMPS3 Principles of Operation},
    year = {},
    pages = {138},
    url = {www.cs.unibo.it/~renzo/doc/umps3/uMPS3princOfOperations.pdf#page=154}
}
